@misc{soumu,
author = {総務省},
title = {令和元年通信利用動向調査の結果},
howpublished = {\url{入手先<https://www.soumu.go.jp/johotsusintokei/statistics/data/200529_1.pdf>}},
month = {},
year = {},
note = {参照(2021-01-15)}
}

@misc{mizuho,
author = {みずほ情報総研株式会社},
title = {社会課題解決のための新たなICTサービス・技術への人々の意識に関する調査研究-報告書-},
howpublished = {\url{入手先<https://www.soumu.go.jp/johotsusintokei/linkdata/h27_06_houkoku.pdf>}},
month = {},
year = {},
note = {参照(2021-01-15)}
}

@misc{moraru,
author = {文部科学省},
title = {第5章 情報モラル教育: 文部科学省},
howpublished = {\url{入手先<https://www.mext.go.jp/b_menu/shingi/chousa/shotou/056/shiryo/attach/1249674.htm>}},
month = {},
year = {},
note = {参照(2021-01-15)}
}

@misc{docker,
author = {},
title = {Empowering App Development for Developers | Docker},
howpublished = {\url{入手先<https://www.docker.com/>}},
month = {},
year = {},
note = {参照(2021-01-15)}
}

@article{rinri,
    author = {上田 浩 and 中村 素典 and 古村 隆明 and 神 智也},
    title = {倫倫姫プロジェクト-学認連携Moodleによる多言語情報倫理eラーニング-},
    journal = {情報処理学会デジタルプラクティス},
    volume = {6},
    number = {2},
    pages = {97--104},
    year = {2015}
}

@article{fluency,
    author = {辰己丈夫},
    title = {情報倫理教育における情報フルーエンシー},
    journal = {電子情報通信学会技術研究報告},
    volume = {109},
    number = {330},
    pages = {61--64},
    year = {2009}
}

@article{isiki,
    author = {三宅元子},
    title = {中学・高校・大学生の情報倫理に関する意識の分析},
    journal = {日本教育工学会論文誌},
    volume = {29},
    number = {4},
    pages = {535--542},
    year = {2006}
}

@article{elsec,
    author = {川上昌俊 and 安田浩 and 佐々木良一},
    title = {情報セキュリティ教育のためのeラーニング教材作成システムELSECの開発と評価},
    journal = {情婦処理学会論文誌ジャーナル},
    volume = {52},
    number = {3},
    pages = {1266--1278},
    year = {2011}
}

@misc{chieru,
author = {チエル株式会社},
title = {第5章インターネットと教育 5.3 生涯学習とeラーニング},
howpublished = {\url{入手先<https://www.chieru.net/HTMLMaterial/superj2014/0503.html>}},
month = {},
year = {},
note = {参照(2021-01-15)}
}

@misc{namespace,
author = {},
title = {Namespaces in operation, part 1: namespaces overview [LWN.net]},
howpublished = {\url{入手先<https://lwn.net/Articles/531114/#series_index>}},
month = {},
year = {},
note = {参照(2021-01-15)}
}

@misc{golang,
author = {},
title = {The Go Programming Language},
howpublished = {\url{入手先<https://golang.org/>}},
month = {},
year = {},
note = {参照(2021-01-15)}
}

@misc{python,
author = {},
title = {Welcome to Python.org},
howpublished = {\url{入手先<https://www.python.org/>}},
month = {},
year = {},
note = {参照(2021-01-15)}
}

@misc{Clang,
author = {},
title = {Clang C Language Family Frontend for LLVM},
howpublished = {\url{入手先<https://clang.llvm.org/>}},
month = {},
year = {},
note = {参照(2021-01-15)}
}

@misc{cplusplus,
author = {},
title = {cplusplus.com - The C++ Resources Network},
howpublished = {\url{入手先<https://www.cplusplus.com/>}},
month = {},
year = {},
note = {参照(2021-01-15)}
}

@misc{YAML,
author = {},
title = {The Official YAML Web Site},
howpublished = {\url{入手先<https://yaml.org/>}},
month = {},
year = {},
note = {参照(2021-01-15)}
}

@misc{Django,
author = {},
title = {The Web framework for perfectionists with deadlines | Django},
howpublished = {\url{入手先<https://www.djangoproject.com/>}},
month = {},
year = {},
note = {参照(2021-01-15)}
}

@misc{memcached,
author = {},
title = {memcached - a distributed memory object caching system},
howpublished = {\url{入手先<https://memcached.org/about>}},
month = {},
year = {},
note = {参照(2021-01-15)}
}

@misc{drf,
author = {},
title = {Home - Django REST framework},
howpublished = {\url{入手先<https://www.django-rest-framework.org/>}},
month = {},
year = {},
note = {参照(2021-01-15)}
}

@misc{postgres,
author = {},
title = {PostgreSQL: The world's most advanced open source database},
howpublished = {\url{入手先<https://www.postgresql.org/>}},
month = {},
year = {},
note = {参照(2021-01-15)}
}

@misc{chartjs,
author = {},
title = {Chart.js | Open source HTML5 Charts for your website},
howpublished = {\url{入手先<https://www.chartjs.org/>}},
month = {},
year = {},
note = {参照(2021-01-15)}
}

@misc{json,
author = {},
title = {JSON},
howpublished = {\url{入手先<https://www.json.org/json-en.html>}},
month = {},
year = {},
note = {参照(2021-01-15)}
}

@misc{dockerhub,
author = {},
title = {Docker Hub},
howpublished = {\url{入手先<https://hub.docker.com/>}},
month = {},
year = {},
note = {参照(2021-01-15)}
}

@misc{Unionfs,
author = {},
title = {Unionfs: A Stackable Unification File System},
howpublished = {\url{入手先<https://unionfs.filesystems.org/>}},
month = {},
year = {},
note = {参照(2021-01-15)}
}

@misc{nginx,
author = {},
title = {NGINX | High Performance Load Balancer, Web Server, \& Reverse Proxy},
howpublished = {\url{入手先<https://www.nginx.com/>}},
month = {},
year = {},
note = {参照(2021-01-15)}
}

@misc{gunicorn,
author = {},
title = {Gunicorn - Python WSGI HTTP Server for UNIX},
howpublished = {\url{入手先<https://gunicorn.org/>}},
month = {},
year = {},
note = {参照(2021-01-15)}
}

@misc{wsgi,
author = {},
title = {PEP 333 -- Python Web Server Gateway Interface v1.0 | Python.org},
howpublished = {\url{入手先<https://www.python.org/dev/peps/pep-0333/>}},
month = {},
year = {},
note = {参照(2021-01-15)}
}